<record><leader>00000cas a2200000 a 4500</leader><controlfield tag="001">58795287</controlfield><controlfield tag="007">hd afb016bacp</controlfield><controlfield tag="007">hd bfb016baap</controlfield><controlfield tag="007">hd bfb016babp</controlfield><controlfield tag="008">050404d18721874pauwr nea     0    0eng c</controlfield><datafield ind1=" " ind2=" " tag="010"><subfield code="a">  2005221233</subfield></datafield><datafield ind1=" " ind2=" " tag="040"><subfield code="a">ATL</subfield><subfield code="b">eng</subfield><subfield code="c">ATL</subfield><subfield code="d">OCL</subfield><subfield code="d">ATL</subfield><subfield code="d">OCLCQ</subfield><subfield code="d">OCLCF</subfield><subfield code="d">OCLCO</subfield><subfield code="d">OCLCQ</subfield></datafield><datafield ind1=" " ind2=" " tag="042"><subfield code="a">pcc</subfield></datafield><datafield ind1="1" ind2="4" tag="050"><subfield code="a">BX7801</subfield></datafield><datafield ind1="0" ind2=" " tag="130"><subfield code="a">Weekly pilgrim (James Creek, Pa.)</subfield></datafield><datafield ind1="1" ind2="0" tag="245"><subfield code="a">Weekly pilgrim.</subfield></datafield><datafield ind1=" " ind2=" " tag="260"><subfield code="a">James Creek, Pa. :</subfield><subfield code="b">Brumbaugh Bros.,</subfield><subfield code="c">1872-1874.</subfield></datafield><datafield ind1=" " ind2=" " tag="300"><subfield code="a">3 volumes ;</subfield><subfield code="c">38 cm</subfield></datafield><datafield ind1=" " ind2=" " tag="310"><subfield code="a">Weekly</subfield></datafield><datafield ind1=" " ind2=" " tag="336"><subfield code="a">text</subfield><subfield code="b">txt</subfield><subfield code="2">rdacontent</subfield></datafield><datafield ind1=" " ind2=" " tag="337"><subfield code="a">microform</subfield><subfield code="b">h</subfield><subfield code="2">rdamedia</subfield></datafield><datafield ind1=" " ind2=" " tag="338"><subfield code="a">microfilm reel</subfield><subfield code="b">hd</subfield><subfield code="2">rdacarrier</subfield></datafield><datafield ind1="0" ind2=" " tag="362"><subfield code="a">Vol. 3, no. 1 (Jan. 2, 1872)-v. 5, no. 50 (Dec. 15, 1874).</subfield></datafield><datafield ind1=" " ind2=" " tag="500"><subfield code="a">Title from caption.</subfield></datafield><datafield ind1=" " ind2=" " tag="500"><subfield code="a">Published in Huntingdon, Pa., 1874.</subfield></datafield><datafield ind1=" " ind2=" " tag="515"><subfield code="a">Preceded by a sample issue dated Nov. 28, 1871.</subfield></datafield><datafield ind1=" " ind2=" " tag="533"><subfield code="a">Microfilm.</subfield><subfield code="m">v.3-5 (1872-1874)</subfield><subfield code="b">Chicago, Ill. :</subfield><subfield code="c">American Theological Library Association,</subfield><subfield code="d">2005.</subfield><subfield code="e">1 microfilm reel ; 35 mm.</subfield><subfield code="f">(ATLA serials preservation program ; ATLA film S1066).</subfield></datafield><datafield ind1="2" ind2="0" tag="610"><subfield code="a">German Baptist Brethren (U.S.)</subfield><subfield code="v">Periodicals.</subfield></datafield><datafield ind1=" " ind2="0" tag="650"><subfield code="a">Christianity</subfield><subfield code="v">Periodicals.</subfield></datafield><datafield ind1="2" ind2="7" tag="610"><subfield code="a">German Baptist Brethren (U.S.)</subfield><subfield code="2">fast</subfield><subfield code="0">(OCoLC)fst00655463</subfield></datafield><datafield ind1=" " ind2="7" tag="650"><subfield code="a">Christianity.</subfield><subfield code="2">fast</subfield><subfield code="0">(OCoLC)fst00859599</subfield></datafield><datafield ind1=" " ind2="7" tag="655"><subfield code="a">Periodicals.</subfield><subfield code="2">fast</subfield><subfield code="0">(OCoLC)fst01411641</subfield></datafield><datafield ind1=" " ind2=" " tag="752"><subfield code="a">United States</subfield><subfield code="b">Pennsylvania</subfield><subfield code="c">Huntingdon</subfield><subfield code="d">James Creek.</subfield></datafield><datafield ind1=" " ind2=" " tag="752"><subfield code="a">United States</subfield><subfield code="b">Pennsylvania</subfield><subfield code="c">Huntingdon</subfield><subfield code="d">Huntingdon.</subfield></datafield><datafield ind1="1" ind2=" " tag="776"><subfield code="c">Original</subfield><subfield code="w">(DLC)sn 86081971</subfield><subfield code="w">(OCoLC)14712187</subfield></datafield><datafield ind1="0" ind2="0" tag="780"><subfield code="t">Pilgrim (James Creek, Pa.)</subfield><subfield code="w">(DLC)  2005221232</subfield><subfield code="w">(OCoLC)58795131</subfield></datafield><datafield ind1="0" ind2="0" tag="785"><subfield code="t">Pilgrim (Huntingdon, Pa.)</subfield><subfield code="w">(DLC)  2005221234</subfield><subfield code="w">(OCoLC)58796336</subfield></datafield><datafield ind1=" " ind2="0" tag="830"><subfield code="a">ATLA serials preservation program ;</subfield><subfield code="v">ATLA film S1066.</subfield></datafield><datafield ind1="1" ind2=" " tag="029"><subfield code="a">AU@</subfield><subfield code="b">000026867954</subfield></datafield></record>